@article{fawcett08,
    author = "Tom Fawcett",
    title   = "Data mining with cellular automata",
    year    = "2008",
    journal = "SIGKDD Explorations",
    volume  = "10",
    number  = "1",
    pages   = "32--39"
}

